@article{smith2009reversal,
  title={Reversal of long-term dendritic spine alterations in Alzheimer disease models},
  author={Smith, Donna L and Pozueta, Julio and Gong, Bing and Arancio, Ottavio and Shelanski, Michael},
  journal={Proceedings of the National Academy of Sciences},
  volume={106},
  number={39},
  pages={16877--16882},
  year={2009},
  publisher={National Acad Sciences}
},

@article{mcdougal2013water,
  title={Water-tight membranes from neuronal morphology files},
  author={McDougal, Robert A and Hines, Michael L and Lytton, William W},
  journal={Journal of neuroscience methods},
  volume={220},
  number={2},
  pages={167--178},
  year={2013},
  publisher={Elsevier}
}
